[gd_scene load_steps=34 format=2]

[ext_resource path="res://example/assets/slime.png" type="Texture" id=1]
[ext_resource path="res://addons/xsm/state_root.gd" type="Script" id=2]
[ext_resource path="res://example/player.gd" type="Script" id=3]
[ext_resource path="res://example/states/movements/on_ground.gd" type="Script" id=4]
[ext_resource path="res://example/states/movements/land.gd" type="Script" id=5]
[ext_resource path="res://example/states/movements/idle.gd" type="Script" id=6]
[ext_resource path="res://example/states/color.gd" type="Script" id=7]
[ext_resource path="res://example/states/movements/in_air.gd" type="Script" id=8]
[ext_resource path="res://example/states/movements/walk.gd" type="Script" id=9]
[ext_resource path="res://example/assets/grass.png" type="Texture" id=10]
[ext_resource path="res://example/states/movements/crouch.gd" type="Script" id=11]
[ext_resource path="res://example/states/movements/jump.gd" type="Script" id=12]
[ext_resource path="res://example/states/colors/green.gd" type="Script" id=13]
[ext_resource path="res://example/states/colors/purple.gd" type="Script" id=14]
[ext_resource path="res://example/states/movement.gd" type="Script" id=15]
[ext_resource path="res://example/states/colors/orange.gd" type="Script" id=16]
[ext_resource path="res://example/states/movements/fall.gd" type="Script" id=17]
[ext_resource path="res://example/assets/font_TIMESS__.ttf" type="DynamicFontData" id=18]
[ext_resource path="res://addons/xsm/state.gd" type="Script" id=19]

[sub_resource type="CircleShape2D" id=1]
radius = 11.2744

[sub_resource type="Animation" id=2]
resource_name = "Brake"
length = 0.02
loop = true
step = 0.02
tracks/0/type = "value"
tracks/0/path = NodePath("Sprite:frame")
tracks/0/interp = 1
tracks/0/loop_wrap = true
tracks/0/imported = false
tracks/0/enabled = true
tracks/0/keys = {
"times": PoolRealArray( 0 ),
"transitions": PoolRealArray( 1 ),
"update": 1,
"values": [ 6 ]
}

[sub_resource type="Animation" id=3]
length = 0.02
loop = true
step = 0.02
tracks/0/type = "value"
tracks/0/path = NodePath("Sprite:frame")
tracks/0/interp = 1
tracks/0/loop_wrap = true
tracks/0/imported = false
tracks/0/enabled = true
tracks/0/keys = {
"times": PoolRealArray( 0 ),
"transitions": PoolRealArray( 1 ),
"update": 1,
"values": [ 3 ]
}

[sub_resource type="Animation" id=4]
resource_name = "Fall"
length = 0.02
step = 0.02
tracks/0/type = "value"
tracks/0/path = NodePath("Sprite:frame")
tracks/0/interp = 1
tracks/0/loop_wrap = true
tracks/0/imported = false
tracks/0/enabled = true
tracks/0/keys = {
"times": PoolRealArray( 0 ),
"transitions": PoolRealArray( 1 ),
"update": 1,
"values": [ 4 ]
}

[sub_resource type="Animation" id=5]
length = 0.02
loop = true
step = 0.02
tracks/0/type = "value"
tracks/0/path = NodePath("Sprite:frame")
tracks/0/interp = 1
tracks/0/loop_wrap = true
tracks/0/imported = false
tracks/0/enabled = true
tracks/0/keys = {
"times": PoolRealArray( 0 ),
"transitions": PoolRealArray( 1 ),
"update": 1,
"values": [ 4 ]
}

[sub_resource type="Animation" id=6]
length = 0.02
loop = true
step = 0.02
tracks/0/type = "value"
tracks/0/path = NodePath("Sprite:frame")
tracks/0/interp = 1
tracks/0/loop_wrap = true
tracks/0/imported = false
tracks/0/enabled = true
tracks/0/keys = {
"times": PoolRealArray( 0 ),
"transitions": PoolRealArray( 1 ),
"update": 1,
"values": [ 0 ]
}

[sub_resource type="Animation" id=7]
length = 0.12
step = 0.02
tracks/0/type = "value"
tracks/0/path = NodePath("Sprite:frame")
tracks/0/interp = 1
tracks/0/loop_wrap = true
tracks/0/imported = false
tracks/0/enabled = true
tracks/0/keys = {
"times": PoolRealArray( 0, 0.08 ),
"transitions": PoolRealArray( 1, 1 ),
"update": 1,
"values": [ 3, 4 ]
}

[sub_resource type="Animation" id=8]
length = 0.1
step = 0.02
tracks/0/type = "value"
tracks/0/path = NodePath("Sprite:frame")
tracks/0/interp = 1
tracks/0/loop_wrap = true
tracks/0/imported = false
tracks/0/enabled = true
tracks/0/keys = {
"times": PoolRealArray( 0 ),
"transitions": PoolRealArray( 1 ),
"update": 1,
"values": [ 3 ]
}
tracks/1/type = "method"
tracks/1/path = NodePath("StateRoot/RegionMovement/OnGround/Land")
tracks/1/interp = 1
tracks/1/loop_wrap = true
tracks/1/imported = false
tracks/1/enabled = true
tracks/1/keys = {
"times": PoolRealArray( 0.1 ),
"transitions": PoolRealArray( 1 ),
"values": [ {
"args": [  ],
"method": "_on_land_finished"
} ]
}

[sub_resource type="Animation" id=9]
length = 0.02
step = 0.02
tracks/0/type = "value"
tracks/0/path = NodePath("Sprite:frame")
tracks/0/interp = 1
tracks/0/loop_wrap = true
tracks/0/imported = false
tracks/0/enabled = true
tracks/0/keys = {
"times": PoolRealArray( 0 ),
"transitions": PoolRealArray( 1 ),
"update": 1,
"values": [ 5 ]
}

[sub_resource type="Animation" id=10]
length = 0.2
step = 0.02
tracks/0/type = "value"
tracks/0/path = NodePath("Sprite:frame")
tracks/0/interp = 1
tracks/0/loop_wrap = true
tracks/0/imported = false
tracks/0/enabled = true
tracks/0/keys = {
"times": PoolRealArray( 0, 0.04, 0.16 ),
"transitions": PoolRealArray( 1, 1, 1 ),
"update": 1,
"values": [ 0, 1, 0 ]
}
tracks/1/type = "method"
tracks/1/path = NodePath("StateRoot/RegionMovement/InAir/Fall")
tracks/1/interp = 1
tracks/1/loop_wrap = true
tracks/1/imported = false
tracks/1/enabled = true
tracks/1/keys = {
"times": PoolRealArray( 0.2 ),
"transitions": PoolRealArray( 1 ),
"values": [ {
"args": [  ],
"method": "_on_top_curve_finished"
} ]
}

[sub_resource type="Animation" id=11]
length = 0.02
loop = true
step = 0.02
tracks/0/type = "value"
tracks/0/path = NodePath("Sprite:frame")
tracks/0/interp = 1
tracks/0/loop_wrap = true
tracks/0/imported = false
tracks/0/enabled = true
tracks/0/keys = {
"times": PoolRealArray( 0 ),
"transitions": PoolRealArray( 1 ),
"update": 1,
"values": [ 1 ]
}

[sub_resource type="RectangleShape2D" id=12]
extents = Vector2( 2048, 10 )

[sub_resource type="RectangleShape2D" id=13]
extents = Vector2( 100, 5 )

[sub_resource type="DynamicFont" id=14]
size = 20
font_data = ExtResource( 18 )

[node name="Example" type="Node2D"]

[node name="Camera2D" type="Camera2D" parent="."]
position = Vector2( 512, 300 )
current = true

[node name="Player" type="KinematicBody2D" parent="."]
position = Vector2( 512, 420 )
script = ExtResource( 3 )

[node name="StateRoot" type="Node" parent="Player"]
script = ExtResource( 2 )
has_regions = true
fsm_owner = NodePath("..")
animation_player = NodePath("../AnimationPlayer")

[node name="RegionMovement" type="Node" parent="Player/StateRoot"]
script = ExtResource( 15 )
disabled = false
has_regions = false
fsm_owner = null
animation_player = null

[node name="OnGround" type="Node" parent="Player/StateRoot/RegionMovement"]
script = ExtResource( 4 )
disabled = false
has_regions = false
fsm_owner = null
animation_player = null

[node name="Idle" type="Node" parent="Player/StateRoot/RegionMovement/OnGround"]
script = ExtResource( 6 )
disabled = false
has_regions = false
fsm_owner = null
animation_player = null

[node name="Land" type="Node" parent="Player/StateRoot/RegionMovement/OnGround"]
script = ExtResource( 5 )
disabled = false
has_regions = false
fsm_owner = null
animation_player = null

[node name="Walk" type="Node" parent="Player/StateRoot/RegionMovement/OnGround"]
script = ExtResource( 9 )
disabled = false
has_regions = false
fsm_owner = null
animation_player = null

[node name="Crouch" type="Node" parent="Player/StateRoot/RegionMovement/OnGround"]
script = ExtResource( 11 )
disabled = false
has_regions = false
fsm_owner = null
animation_player = null

[node name="InAir" type="Node" parent="Player/StateRoot/RegionMovement"]
script = ExtResource( 8 )
disabled = false
has_regions = false
fsm_owner = null
animation_player = null

[node name="Idle" type="Node" parent="Player/StateRoot/RegionMovement/InAir"]
script = ExtResource( 19 )
fsm_owner = null
animation_player = null

[node name="Fall" type="Node" parent="Player/StateRoot/RegionMovement/InAir"]
script = ExtResource( 17 )
disabled = false
has_regions = false
fsm_owner = null
animation_player = null

[node name="Jump" type="Node" parent="Player/StateRoot/RegionMovement/InAir"]
script = ExtResource( 12 )
disabled = false
has_regions = false
fsm_owner = null
animation_player = null

[node name="RegionColor" type="Node" parent="Player/StateRoot"]
script = ExtResource( 7 )
fsm_owner = null
animation_player = null

[node name="Purple" type="Node" parent="Player/StateRoot/RegionColor"]
script = ExtResource( 14 )
fsm_owner = NodePath("../../../Sprite")
animation_player = null

[node name="Green" type="Node" parent="Player/StateRoot/RegionColor"]
script = ExtResource( 13 )
fsm_owner = NodePath("../../../Sprite")
animation_player = null

[node name="Orange" type="Node" parent="Player/StateRoot/RegionColor"]
script = ExtResource( 16 )
fsm_owner = NodePath("../../../Sprite")
animation_player = null

[node name="CollisionShape2D" type="CollisionShape2D" parent="Player"]
visible = false
shape = SubResource( 1 )

[node name="Sprite" type="Sprite" parent="Player"]
texture = ExtResource( 1 )
hframes = 7

[node name="AnimationPlayer" type="AnimationPlayer" parent="Player"]
anims/Brake = SubResource( 2 )
anims/Crouch = SubResource( 3 )
anims/Fall = SubResource( 4 )
anims/FlyUp = SubResource( 5 )
anims/Idle = SubResource( 6 )
anims/Jump = SubResource( 7 )
anims/Land = SubResource( 8 )
anims/Run = SubResource( 9 )
anims/TopCurve = SubResource( 10 )
anims/Walk = SubResource( 11 )

[node name="Platforms" type="Node2D" parent="."]
position = Vector2( 512, 300 )

[node name="Ground" type="StaticBody2D" parent="Platforms"]

[node name="CollisionShape2D" type="CollisionShape2D" parent="Platforms/Ground"]
position = Vector2( 0, 150 )
shape = SubResource( 12 )

[node name="Sprite" type="Sprite" parent="Platforms/Ground"]
position = Vector2( 0, 144 )
texture = ExtResource( 10 )
region_enabled = true
region_rect = Rect2( 0, 0, 4096, 10 )

[node name="Platform1" type="StaticBody2D" parent="Platforms"]
position = Vector2( 142.199, -0.599274 )

[node name="CollisionShape2D" type="CollisionShape2D" parent="Platforms/Platform1"]
shape = SubResource( 13 )
one_way_collision = true

[node name="Sprite" type="Sprite" parent="Platforms/Platform1"]
texture = ExtResource( 10 )
region_enabled = true
region_rect = Rect2( 0, 0, 200, 10 )

[node name="Platform2" type="StaticBody2D" parent="Platforms"]
position = Vector2( -247.861, -118.331 )

[node name="CollisionShape2D" type="CollisionShape2D" parent="Platforms/Platform2"]
shape = SubResource( 13 )
one_way_collision = true

[node name="Sprite" type="Sprite" parent="Platforms/Platform2"]
texture = ExtResource( 10 )
region_enabled = true
region_rect = Rect2( 0, 0, 200, 10 )

[node name="GUI" type="MarginContainer" parent="."]
margin_right = 454.0
margin_bottom = 153.0
__meta__ = {
"_edit_use_anchors_": false
}

[node name="MarginContainer" type="MarginContainer" parent="GUI"]
margin_right = 474.0
margin_bottom = 153.0
custom_constants/margin_top = 10
custom_constants/margin_left = 20

[node name="Explanation" type="Label" parent="GUI/MarginContainer"]
margin_left = 20.0
margin_top = 18.0
margin_right = 474.0
margin_bottom = 145.0
custom_fonts/font = SubResource( 14 )
text = "This plugin is kind of an implementation of StateCharts
You should README.md  to learn how to use it

Arrows to move, Space to jump,
Ctrl and Shift to change color"
